@article{turner2013global,
	title={Global renewable energy market outlook 2013},
	author={Turner, G},
	journal={Bloomberg New Energy Finance},
	volume={26},
	year={2013}
}
@article{Jain2013,
	author = {Jain, Anubhav and Ong, Shyue Ping and Hautier, Geoffroy and Chen, Wei and Richards, William Davidson and Dacek, Stephen and Cholia, Shreyas and Gunter, Dan and Skinner, David and Ceder, Gerbrand and Persson, Kristin a.},
	doi = {10.1063/1.4812323},
	issn = {2166532X},
	journal = {APL Materials},
	number = {1},
	pages = {011002},
	title = {{Commentary: The Materials Project: A materials genome approach to accelerating materials innovation}},
	url = {https://doi.org/10.1063/1.4812323},
	volume = {1},
	year = {2013}
}

@article{Rodova2003,
	author = "Rodova, M. and Brozek, J. and Knizek, K. and Nitsch, K.",
	title = "Phase transitions in ternary cesium lead bromide",
	journal = "Journal of Thermal Analysis and Calorimetry",
	year = "2003",
	volume = "71",
	pages = "667-673",
	ASTM_id = "JTACF7"
}

@article{ruhle2016tabulated,
	title={Tabulated values of the Shockley--Queisser limit for single junction solar cells},
	author={R{\"u}hle, Sven},
	journal={Solar Energy},
	volume={130},
	pages={139--147},
	year={2016},
	publisher={Elsevier}
}
@phdthesis{linaburg2015studies,
	title={Studies of Halide Perovskites CsPbX 3, RbPbX 3 (X= Cl-, Br-, I-), and Their Solid Solutions},
	author={Linaburg, Matthew Ronald},
	year={2015},
	school={The Ohio State University}
}
@article{green2014emergence,
	title={The emergence of perovskite solar cells},
	author={Green, Martin A and Ho-Baillie, Anita and Snaith, Henry J},
	journal={Nature photonics},
	volume={8},
	number={7},
	pages={506},
	year={2014},
	publisher={Nature Publishing Group}
}
@inproceedings{kojima2006novel,
	title={Novel photoelectrochemical cell with mesoscopic electrodes sensitized by lead-halide compounds (2)},
	author={Kojima, Akihiro and Teshima, Kenjiro and Miyasaka, Tsutomu and Shirai, Yasuo},
	booktitle={Meeting Abstracts},
	number={7},
	pages={397--397},
	year={2006},
	organization={The Electrochemical Society}
}
@article{kojima2009organometal,
	title={Organometal halide perovskites as visible-light sensitizers for photovoltaic cells},
	author={Kojima, Akihiro and Teshima, Kenjiro and Shirai, Yasuo and Miyasaka, Tsutomu},
	journal={Journal of the American Chemical Society},
	volume={131},
	number={17},
	pages={6050--6051},
	year={2009},
	publisher={ACS Publications}
}
@article{lee2012efficient,
	title={Efficient hybrid solar cells based on meso-superstructured organometal halide perovskites},
	author={Lee, Michael M and Teuscher, Jo{\"e}l and Miyasaka, Tsutomu and Murakami, Takurou N and Snaith, Henry J},
	journal={Science},
	volume={338},
	number={6107},
	pages={643--647},
	year={2012},
	publisher={American Association for the Advancement of Science}
}
@article{noh2013chemical,
	title={Chemical management for colorful, efficient, and stable inorganic--organic hybrid nanostructured solar cells},
	author={Noh, Jun Hong and Im, Sang Hyuk and Heo, Jin Hyuck and Mandal, Tarak N and Seok, Sang Il},
	journal={Nano letters},
	volume={13},
	number={4},
	pages={1764--1769},
	year={2013},
	publisher={ACS Publications}
}
@article{khoram2016growth,
	title={Growth and characterization of PDMS-stamped halide perovskite single microcrystals},
	author={Khoram, Parisa and Brittman, Sarah and Dzik, Wojciech I and Reek, Joost NH and Garnett, Erik C},
	journal={The Journal of Physical Chemistry C},
	volume={120},
	number={12},
	pages={6475--6481},
	year={2016},
	publisher={ACS Publications}
}
@article{brittman2017controlling,
	title={Controlling crystallization to imprint nanophotonic structures into halide perovskites using soft lithography},
	author={Brittman, Sarah and Oener, Sebastian Z and Guo, Ke and {\=A}boli{\c{n}}{\v{s}}, Haralds and Koenderink, A Femius and Garnett, Erik C},
	journal={Journal of Materials Chemistry C},
	volume={5},
	number={32},
	pages={8301--8307},
	year={2017},
	publisher={Royal Society of Chemistry}
}

@article{chen2018room,
	title={Room Temperature Continuous-wave Excited Biexciton Emission in CsPbBr3 Nanocrystals},
	author={Chen, Jie and Zhang, Qing and Du, Wenna and Mi, Yang and Shang, Qiuyu and Shi, Jia and Liu, Pengchong and Sui, Xinyu and Wu, Xianxin and Wang, Rui and others},
	journal={arXiv preprint arXiv:1804.09782},
	year={2018}
}

